<?xml version="1.0" encoding="UTF-8"?><collection xmlns="http://www.loc.gov/MARC21/slim"><record><leader>00465nam--2200169-i-4500</leader><controlfield tag="001">000032614</controlfield><controlfield tag="002">20161230</controlfield><controlfield tag="005">20161230201039</controlfield><controlfield tag="008">060222s1000------------r-----000-0-eng-d</controlfield><datafield ind1=" " ind2=" " tag="040"><subfield code="a">IFIN-HH</subfield></datafield><datafield ind1=" " ind2=" " tag="080"><subfield code="a">524.3-355</subfield></datafield><datafield ind1="1" ind2=" " tag="110"><subfield code="a">Academy Of Sciences Of The Estonian Ssr</subfield></datafield><datafield ind1="1" ind2="0" tag="245"><subfield code="a">Model calculations of stellar spectra</subfield></datafield><datafield ind1=" " ind2=" " tag="260"><subfield code="a">Tallinn</subfield><subfield code="b">Academy Of Sciences Of The Estonian Ssr</subfield><subfield code="c">1982</subfield></datafield><datafield ind1=" " ind2=" " tag="300"><subfield code="a">51P</subfield></datafield><datafield ind1=" " ind2=" " tag="852"><subfield code="a">70446</subfield><subfield code="c">523</subfield></datafield><datafield ind1=" " ind2=" " tag="CAT"><subfield code="a">Sys</subfield><subfield code="c">20141204</subfield><subfield code="h">164110</subfield></datafield></record></collection>